{1:F01AXISINBBAXXXXXXXXXXXXX}{2:I940XXXXXXXXXXXXN}{4:
:20:20:20240402
:25:922030061309854
:28C:93/1
:60F:D240402INR31327045,00
:61:2404020402DR141231,00NTRF45989873
:86:REFAX00C388782364501042024MYAD###
:61:2404020402DR2409316,00NTRF51452240
:86:REFAX00C388922365001042024UTCRIGU
:61:2404020402DR2409316,00NTRF51528339
:86:REFAX00C388932365101042024UTCRDG
:61:2404020402DR13230,00NTRF54328545
:86:REFAX00C388C42365401042024CMGRD###
:61:2404020402DR3324004,00NTRF55853821
:86:REFAX00C388D62365501042024UTCMMNGT
:61:2404020402DR2048,00NTRF56519689
:86:REFAX00C388E22365601042024SMETW###
:61:2404020402DR900203,00NTRF56956983
:86:REFAX00C388EB2365701042024UCLJUD
:61:2404020402DR2676452,00NTRF57031145
:86:REFAX00C388EC2365801042024UCLJPNMB
:61:2404020402DR39690,00NTRF57116514
:86:REFAX00C388ED2365901042024BDJD###
:61:2404020402DR30240,00NTRF62358446
:86:REFAX00C389242366001042024PNMBD###
:61:2404020402DR34020,00NTRF62440075
:86:REFAX00C389302366101042024TUAD###
:61:2404020402DR20160,00NTRF62824471
:86:REFAX00C389392366201042024HSRAD###
:61:2404020402DR17010,00NTRF63255503
:86:REFAX00C3893B2366301042024TPGYD###
:61:2404020402DR539784,00NTRF64464752
:86:REFAX00C3894F2366601042024KOND###
:61:2404020402DR1995718,00NTRF66313929
:86:REFAX00C3896E2366701042024UTCGBD
:61:2404020402DR147832,00NTRF66423437
:86:REFAX00C389702366801042024UTCGBD
:61:2404020402DR85948,00NTRF34096562
:86:REFAX00C389AA2367001042024OLRD###
:61:2404020402DR790864,00NTRF35490123
:86:REFAX00C389FE2368001042024UCSDBHC
:61:2404020402DR1421187,00NTRF35531364
:86:REFAX00C389FF2368101042024UCSDBLS
:61:2404020402DR2221991,00NTRF36873042
:86:REFAX00C38A672368302042024UTCMSTR
:61:2404020402DR2740234,00NTRF36877113
:86:REFAX00C38A692368402042024UCLJKLMR
:61:2404020402DR1812640,00NTRF36883066
:86:REFAX00C38A6B2368502042024UTCMGRMT
:61:2404020402DR1939597,00NTRF36905036
:86:REFAX00C38A682368602042024UCLJKTYM
:61:2404020402DR3961313,00NTRF37069735
:86:REFAX00C38A7C2368702042024UCLGANG
:61:2404020402DR6068645,00NTRF37213122
:86:REFAX00C38A812368802042024KSLKUCLG
:61:2404020402DR161495,00NTRF37289806
:86:REFAX00C38A8F2368902042024UTCMMBSH
:61:2404020402DR1268496,00NTRF37301846
:86:REFAX00C38A932369002042024UTCMMBSH
:61:2404020402DR5071818,00NTRF38103775
:86:REFAX00C38ABA2369102042024UTCGLONI
:61:2404020402DR1651290,00NTRF38104508
:86:REFAX00C38ABC2369202042024UTCGLONI
:61:2404020402DR1962567,00NTRF40885856
:86:REFAX00C38AF92369302042024UCLJBBSD
:61:2404020402DR909465,00NTRF40975468
:86:REFAX00C38AFB2369402042024UTCMUTCS
:61:2404020402DR1929303,00NTRF42775585
:86:REFAX00C38B292370302042024UCLJBBSD
:61:2404020402DR2418888,00NTRF44465491
:86:REFAX00C38B462370502042024UCSDJNP
:61:2404020402DR2230030,00NTRF47182895
:86:REFAX00C38B9B2370702042024UCLGUCLC
:61:2404020402DR1813211,00NTRF51696341
:86:REFAX00C38C062370802042024UCLJNCJ
:61:2404020402DR2428334,00NTRF51774104
:86:REFAX00C38C082370902042024UCLJKON
:61:2404020402DR2002271,00NTRF52044675
:86:REFAX00C38BFE2371102042024UTCMLONI
:61:2404020402DR21735,00NTRF54937608
:86:REFAX00C38C512371202042024KONW###
:61:2404020402DR29138,00NTRF55017262
:86:REFAX00C38C522371302042024BAYW###
:61:2404020402DR3528718,00NTRF56392819
:86:REFAX00C38C6C2371402042024UCLGNK
:61:2404020402DR127717,00NTRF57829400
:86:REFAX00C38C8A2371502042024EDD###
:61:2404020402DR473,00NTRF57931729
:86:REFAX00C38C942371602042024EDW###
:61:2404020402DR3913048,00NTRF58987243
:86:REFAX00C38CC32371702042024UTCRSA
:61:2404020402DR2118926,00NTRF59097078
:86:REFAX00C38CC72371802042024UTCRED
:61:2404020402DR11813,00NTRF63511996
:86:REFAX00C38D362372102042024TUAD###
:61:2404020402DR245937,00NTRF64792130
:86:REFAX00C38D582372202042024KOND###
:61:2404020402DR7088,00NTRF64845097
:86:REFAX00C38D5B2372302042024KONW###
:61:2404020402DR1116513,00NTRF64947319
:86:REFAX00C38D5D2372402042024UTCGBD
:61:2404020402DR1706175,00NTRF65063966
:86:REFAX00C38D5F2372502042024UTCGMKU
:61:2404020402DR5204019,00NTRF65320627
:86:REFAX00C38D652372602042024VGSDMGCH
:61:2404020402DR1385724,00NTRF66166155
:86:REFAX00C38D7F2372702042024UTCMMBSH
:61:2404020402DR1065717,00NTRF69519951
:86:REFAX00C38DBB2373002042024UTCMSUR
:61:2404020402CR61399627,00NMSCSweep Trf From
:86:Sweep Trf From: 917030027174584
:61:2404020402DR1413097,00NTRF78449183
:86:REFAX00C38F032374203042024UCLGBD
:61:2404020402CR51413097,00NMSC78574552
:86:BRN-LMS-917030027174584
:61:2404020402DR1962567,00NTRF78677010
:86:REFAX00C38F1A2374503042024UCLJBBSD
:62F:D240402INR1962567,00
-}